@PREAMBLE{
 "\providecommand{\noopsort}[1]{}" 
 # "\providecommand{\singleletter}[1]{#1}%" 
}


@ARTICLE{heiskanen2018photobiomodulation,
  title={Photobiomodulation: lasers vs. light emitting diodes?},
  author={Heiskanen, Vladimir and Hamblin, Michael R},
  journal={Photochemical \& Photobiological Sciences},
  volume={17},
  number={8},
  pages={1003--1017},
  year={2018},
  publisher={Royal Society of Chemistry}
}

@ARTICLE{vantartwijk1995semiconductor,
  title={Semiconductor lasers with optical injection and feedback},
  author={Van Tartwijk, GHM and Lenstra, D},
  journal={Quantum and Semiclassical Optics: Journal of the European Optical Society Part B},
  volume={7},
  number={2},
  pages={87},
  year={1995},
  publisher={IOP Publishing}
}

@ARTICLE{weiss1991dynamics,
  title={Dynamics of lasers},
  author={Weiss, Carl O and Vilaseca, Ramon},
  journal={NASA STI/Recon Technical Report A},
  volume={92},
  pages={39875},
  year={1991}
}

@ARTICLE{tkach2003regimes,
  title={Regimes of feedback effects in 1.5-$\mu$m distributed feedback lasers},
  author={Tkach, Robert and Chraplyvy, AR1986JLwT},
  journal={Journal of Lightwave technology},
  volume={4},
  number={11},
  pages={1655--1661},
  year={2003},
  publisher={IEEE}
}

@BOOK{stepan1989retarded,
  title={Retarded dynamical systems: stability and characteristic functions},
  author={St{\'e}p{\'a}n, G{\'a}bor},
  journal={Longman Scientific & Technical},
  year={1989}
}

@ARTICLE{mackey1977oscillation,
  title={Oscillation and chaos in physiological control systems},
  author={Mackey, Michael C and Glass, Leon},
  journal={Science},
  volume={197},
  number={4300},
  pages={287--289},
  year={1977},
  publisher={American Association for the Advancement of Science}
}

@ARTICLE{lang1980external,
  title={External optical feedback effects on semiconductor injection laser properties},
  author={Lang, Roy and Kobayashi, Kohroh},
  journal={IEEE journal of Quantum Electronics},
  volume={16},
  number={3},
  pages={347--355},
  year={1980},
  publisher={IEEE}
}

@ARTICLE{heil2003delay,
  title={Delay dynamics of semiconductor lasers with short external cavities: Bifurcation scenarios and mechanisms},
  author={Heil, T and Fischer, I and Els{\"a}{\ss}er, W and Krauskopf, B and Green, K and Gavrielides, A},
  journal={Physical Review E},
  volume={67},
  number={6},
  pages={066214},
  year={2003},
  publisher={APS}
}

@ARTICLE{krauskopf1998semiconductor,
  title={Semiconductor laser with phase-conjugate feedback: Dynamics and bifurcations},
  author={Krauskopf, Bernd and Gray, George R and Lenstra, Daan},
  journal={Physical Review E},
  volume={58},
  number={6},
  pages={7190},
  year={1998},
  publisher={APS}
}

@article{yacomotti2004dynamics,
  title={Dynamics of multimode semiconductor lasers},
  author={Yacomotti, Alejandro M and Furfaro, Luca and Hachair, Xavier and Pedaci, Francesco and Giudici, Massimo and Tredicce, J and Javaloyes, Julien and Balle, Salvatore and Viktorov, Evgeny A and Mandel, Paul},
  journal={Physical Review A—Atomic, Molecular, and Optical Physics},
  volume={69},
  number={5},
  pages={053816},
  year={2004},
  publisher={APS}
}

@ARTICLE{heil1998coexistence,
  title={Coexistence of low-frequency fluctuations and stable emission on a single high-gain mode in semiconductor lasers with external optical feedback},
  author={Heil, T and Fischer, I and Els{\"a}{\ss}er, W},
  journal={Physical Review A},
  volume={58},
  number={4},
  pages={R2672},
  year={1998},
  publisher={APS}
}

@INPROCEEDINGS{krauskopf2004dynamics,
  title={Dynamics and bifurcations of a semiconductor laser with short external cavity},
  author={Krauskopf, Bernd and Green, Kirk and Erzgraeber, Hartmut and Lenstra, Daan},
  booktitle={Semiconductor Lasers and Laser Dynamics},
  volume={5452},
  pages={82--92},
  year={2004},
  organization={SPIE}
}

@ARTICLE{sieber2014dde,
  title={DDE-BIFTOOL Manual-Bifurcation analysis of delay differential equations},
  author={Sieber, Jan and Engelborghs, Koen and Luzyanina, Tatyana and Samaey, Giovanni and Roose, Dirk},
  journal={arXiv preprint arXiv:1406.7144},
  year={2014}
}

@BOOK{erneux2010laser,
  title={Laser dynamics},
  author={Erneux, Thomas and Glorieux, Pierre},
  pages={9--10},
  year={2010},
  publisher={Cambridge University Press}
}

@ARTICLE{rottschafer2007ecm,
  title={The ECM-backbone of the Lang--Kobayashi equations: a geometric picture},
  author={Rottsch{\"a}fer, Vivi and Krauskopf, Bernd},
  journal={International Journal of Bifurcation and Chaos},
  volume={17},
  number={05},
  pages={1575--1588},
  year={2007},
  publisher={World Scientific}
}

@ARTICLE{detienne1997semiconductor,
  title={Semiconductor laser dynamics for feedback from a finite-penetration-depth phase-conjugate mirror},
  author={DeTienne, David H and Gray, George R and Agrawal, Govind P and Lenstra, Daan},
  journal={IEEE journal of quantum electronics},
  volume={33},
  number={5},
  pages={838--844},
  year={1997},
  publisher={IEEE}
}

@ARTICLE{harvey1991external,
  title={External-cavity diode laser using a grazing-incidence diffraction grating},
  author={Harvey, KC and Myatt, CJ},
  journal={Optics letters},
  volume={16},
  number={12},
  pages={910--912},
  year={1991},
  publisher={Optica Publishing Group}
}

@ARTICLE{jin1996single,
  title={Single-mode diode laser with a large frequency-scanning range based on weak grating feedback},
  author={Jin, Shaozheng and Li, Yongqing and Xiao, Min},
  journal={Applied optics},
  volume={35},
  number={9},
  pages={1436--1441},
  year={1996},
  publisher={Optica Publishing Group}
}

@ARTICLE{dahmani1987frequency,
  title={Frequency stabilization of semiconductor lasers by resonant optical feedback},
  author={Dahmani, B and Hollberg, L and Drullinger, R},
  journal={Optics letters},
  volume={12},
  number={11},
  pages={876--878},
  year={1987},
  publisher={Optica Publishing Group}
}

@ARTICLE{agrawal1984line,
  title={Line narrowing in a single-mode injection laser due to external optical feedback},
  author={Agrawal, G},
  journal={IEEE Journal of Quantum Electronics},
  volume={20},
  number={5},
  pages={468--471},
  year={1984},
  publisher={IEEE}
}

@ARTICLE{erdogan1997fiber,
  title={Fiber grating spectra},
  author={Erdogan, Turan},
  journal={Journal of lightwave technology},
  volume={15},
  number={8},
  pages={1277--1294},
  year={1997},
  publisher={IEEE}
}

@ARTICLE{yousefi1999dynamical,
  title={Dynamical behavior of a semiconductor laser with filtered external optical feedback},
  author={Yousefi, Mirvais and Lenstra, Daan},
  journal={IEEE Journal of Quantum Electronics},
  volume={35},
  number={6},
  pages={970--976},
  year={1999},
  publisher={IEEE}
}

@ARTICLE{erzgraber2007bifurcation,
  title={Bifurcation analysis of a semiconductor laser with filtered optical feedback},
  author={Erzgr{\"a}ber, Hartmut and Krauskopf, Bernd and Lenstra, Daan},
  journal={SIAM Journal on Applied Dynamical Systems},
  volume={6},
  number={1},
  pages={1--28},
  year={2007},
  publisher={SIAM}
}

@ARTICLE{erzgraber2007dynamics,
  title={Dynamics of a filtered-feedback laser: influence of the filter width},
  author={Erzgr{\"a}ber, Hartmut and Krauskopf, Bernd},
  journal={Optics letters},
  volume={32},
  number={16},
  pages={2441--2443},
  year={2007},
  publisher={Optica Publishing Group}
}

@ARTICLE{fischer2000experimental,
  title={Experimental and theoretical study of filtered optical feedback in a semiconductor laser},
  author={Fischer, Alexis PA and Andersen, Ole K and Yousefi, Mirvais and Stolte, Steven and Lenstra, Daan},
  journal={IEEE journal of quantum electronics},
  volume={36},
  number={3},
  pages={375--384},
  year={2000},
  publisher={IEEE}
}

@ARTICLE{fischer2004experimental,
  title={Experimental and theoretical study of semiconductor laser dynamics due to filtered optical feedback},
  author={Fischer, APA and Yousefi, Mirvais and Lenstra, D and Carter, Michael W and Vemuri, Gautam},
  journal={IEEE Journal of selected topics in quantum electronics},
  volume={10},
  number={5},
  pages={944--954},
  year={2004},
  publisher={IEEE}
}

@ARTICLE{erzgraber2006frequency,
  title={Frequency versus relaxation oscillations in a semiconductor laser with coherent filtered optical feedback},
  author={Erzgr{\"a}ber, H and Krauskopf, B and Lenstra, D and Fischer, APA and Vemuri, G},
  journal={Physical Review E—Statistical, Nonlinear, and Soft Matter Physics},
  volume={73},
  number={5},
  pages={055201},
  year={2006},
  publisher={APS}
}

@ARTICLE{green2006mode,
  title={Mode structure of a semiconductor laser subject to filtered optical feedback},
  author={Green, Kirk and Krauskopf, Bernd},
  journal={Optics communications},
  volume={258},
  number={2},
  pages={243--255},
  year={2006},
  publisher={Elsevier}
}

@ARTICLE{hek2007semiconductor,
  title={Semiconductor laser with filtered optical feedback: from optical injection to conventional feedback},
  author={Hek, Geertje and Rottsch{\"a}fer, Vivi},
  journal={IMA journal of applied mathematics},
  volume={72},
  number={4},
  pages={420--450},
  year={2007},
  publisher={OUP}
}

@ARTICLE{erzgraber2007feedback,
  title={Feedback phase sensitivity of a semiconductor laser subject to filtered optical feedback: Experiment and theory},
  author={Erzgr{\"a}ber, H and Lenstra, D and Krauskopf, B and Fischer, APA and Vemuri, G},
  journal={Physical Review E—Statistical, Nonlinear, and Soft Matter Physics},
  volume={76},
  number={2},
  pages={026212},
  year={2007},
  publisher={APS}
}

@ARTICLE{fischer2004filtered,
  title={Filtered optical feedback induced frequency dynamics in semiconductor lasers},
  author={Fischer, Alexis PA and Yousefi, Mirvais and Lenstra, Daan and Carter, Michael W and Vemuri, Gautam},
  journal={Physical review letters},
  volume={92},
  number={2},
  pages={023901},
  year={2004},
  publisher={APS}
}

@INPROCEEDINGS{yousefi2001global,
  title={Global bistability in a semiconductor laser with filtered optical feedback},
  author={Yousefi, Mirvais and Lenstra, Daan and Vemuri, Gautam and Fischer, Alexis PA},
  booktitle={Proceedings of the Annual Symposium IEEE-LEOS Benelux Chapter},
  pages={41--44},
  year={2001}
}

@ARTICLE{yousefi2003nonlinear,
  title={Nonlinear dynamics of a semiconductor laser with filtered optical feedback and the influence of noise},
  author={Yousefi, Mirvais and Lenstra, Daan and Vemuri, Gautam},
  journal={Physical Review E},
  volume={67},
  number={4},
  pages={046213},
  year={2003},
  publisher={APS}
}

@INPROCEEDINGS{yousefi2002simulations,
  title={Simulations of a semiconductor laser with filtered optical feedback: deterministic dynamics and transitions to chaos},
  author={Yousefi, Mirvais and Lenstra, Daan and Vemuri, Gautam and Fischer, Alexis P},
  booktitle={Physics and simulation of optoelectronic devices X},
  volume={4646},
  pages={447--452},
  year={2002},
  organization={SPIE}
}

@ARTICLE{li2012distributed,
  title={Distributed feedbacks for time-delay signature suppression of chaos generated from a semiconductor laser},
  author={Li, Song-Sui and Liu, Qing and Chan, Sze-Chun},
  journal={IEEE Photonics Journal},
  volume={4},
  number={5},
  pages={1930--1935},
  year={2012},
  publisher={IEEE}
}

@ARTICLE{li2015chaotic,
  title={Chaotic time-delay signature suppression in a semiconductor laser with frequency-detuned grating feedback},
  author={Li, Song-Sui and Chan, Sze-Chun},
  journal={IEEE Journal of Selected Topics in Quantum Electronics},
  volume={21},
  number={6},
  pages={541--552},
  year={2015},
  publisher={IEEE}
}

@ARTICLE{jiang2021characterizing,
  title={Characterizing the chaotic dynamics of a semiconductor nanolaser subjected to FBG feedback},
  author={Jiang, Pei and Zhou, Pei and Li, Nianqiang and Mu, Penghua and Li, Xiaofeng},
  journal={Optics Express},
  volume={29},
  number={12},
  pages={17815--17830},
  year={2021},
  publisher={Optica Publishing Group}
}

@ARTICLE{li2020stable,
  title={Stable period-one oscillations in a semiconductor laser under optical feedback from a narrowband fiber Bragg grating},
  author={Li, Song-Sui and Zou, Xihua and Wang, Longsheng and Wang, Anbang and Pan, Wei and Yan, Lianshan},
  journal={Optics Express},
  volume={28},
  number={14},
  pages={21286--21299},
  year={2020},
  publisher={Optica Publishing Group}
}

@INPROCEEDINGS{skenderas2021feedback,
  title={Feedback phase sensitivity of a semiconductor laser subject to distributed optical feedback from a fiber Bragg grating},
  author={Sk{\"e}nderas, Martin and Gupta, Nitish and Jolly, Spencer W and Geernaert, Thomas and Virte, Martin},
  booktitle={Laser Science},
  pages={JTu1A--10},
  year={2021},
  organization={Optica Publishing Group}
}

@ARTICLE{skenderas2024impact,
  title={Impact of FBG feedback phase on laser dynamics},
  author={Sk{\"e}nderas, Martin and Jolly, Spencer W and Gupta, Nitish and Geernaert, Thomas and Virte, Martin},
  journal={Optics Letters},
  volume={47},
  number={7},
  pages={1602--1605},
  year={2024},
  publisher={Optica Publishing Group}
}

@ARTICLE{rontani2007loss,
  title={Loss of time-delay signature in the chaotic output of a semiconductor laser with optical feedback},
  author={Rontani, Damien and Locquet, Alexandre and Sciamanna, Marc and Citrin, DS},
  journal={Optics letters},
  volume={32},
  number={20},
  pages={2960--2962},
  year={2007},
  publisher={Optica Publishing Group}
}

@ARTICLE{uchida2008fast,
  title={Fast physical random bit generation with chaotic semiconductor lasers},
  author={Uchida, Atsushi and Amano, Kazuya and Inoue, Masaki and Hirano, Kunihito and Naito, Sunao and Someya, Hiroyuki and Oowada, Isao and Kurashige, Takayuki and Shiki, Masaru and Yoshimori, Shigeru and others},
  journal={Nature Photonics},
  volume={2},
  number={12},
  pages={728--732},
  year={2008},
  publisher={Nature Publishing Group}
}

@ARTICLE{annovazzi2008secure,
  title={Secure chaotic transmission on a free-space optics data link},
  author={Annovazzi-Lodi, Valerio and Aromataris, Giuseppe and Benedetti, Mauro and Merlo, Sabina},
  journal={IEEE Journal of Quantum Electronics},
  volume={44},
  number={11},
  pages={1089--1095},
  year={2008},
  publisher={IEEE}
}

@ARTICLE{wang2023critical,
  title={Critical dispersion of chirped fiber Bragg grating for eliminating time delay signature of distributed feedback laser chaos},
  author={Wang, Da-Ming and Lei, Yi-Hang and Shi, Peng-Fei and Li, Zhuang-Ai},
  journal={Chinese Physics B},
  volume={32},
  number={9},
  pages={090505},
  year={2023},
  publisher={IOP Publishing}
}

@ARTICLE{wang2019key,
  title={Key space enhancement of optical chaos secure communication: chirped FBG feedback semiconductor laser},
  author={Wang, DM and Wang, LS and Guo, YY and Wang, YC and Wang, AB},
  journal={Optics Express},
  volume={27},
  number={3},
  pages={3065--3073},
  year={2019},
  publisher={Optica Publishing Group}
}

@ARTICLE{chao2020permutation,
  title={Permutation entropy analysis of chaotic semiconductor laser with chirped FBG feedback},
  author={Chao, Meng and Wang, Daming and Wang, Longsheng and Sun, Yuchuan and Han, Hong and Guo, Yuanyuan and Jia, Zhiwei and Wang, Yuncai and Wang, Anbang},
  journal={Optics Communications},
  volume={456},
  pages={124702},
  year={2020},
  publisher={Elsevier}
}

@ARTICLE{wang2017time,
  title={Time delay signature elimination of chaos in a semiconductor laser by dispersive feedback from a chirped FBG},
  author={Wang, Daming and Wang, Longsheng and Zhao, Tong and Gao, Hua and Wang, Yuncai and Chen, Xianfeng and Wang, Anbang},
  journal={Optics Express},
  volume={25},
  number={10},
  pages={10911--10924},
  year={2017},
  publisher={Optica Publishing Group}
}

@ARTICLE{naumenko2003characteristics,
  title={Characteristics of a semiconductor laser coupled with a fiber Bragg grating with arbitrary amount of feedback},
  author={Naumenko, Alexander and Besnard, Pascal and Loiko, Natalia and Ughetto, G and Bertreux, JC},
  journal={IEEE Journal of Quantum Electronics},
  volume={39},
  number={10},
  pages={1216--1228},
  year={2003},
  publisher={IEEE}
}

@INPROCEEDINGS{besnard2002intensity,
  title={Intensity noise in semiconductor lasers coupled to fiber Bragg grating},
  author={Besnard, Pascal and Naumenko, AV and Loiko, Natalia A and Ughetto, G and Bertreux, JC},
  booktitle={ICONO 2001: Nonlinear Optical Phenomena and Nonlinear Dynamics of Optical Systems},
  volume={4751},
  pages={577--588},
  year={2002},
  organization={SPIE}
}

@INPROCEEDINGS{naumenko2004slow,
  title={Slow dynamics in a semiconductor laser coupled to fiber Bragg grating},
  author={Naumenko, AV and Loiko, Natalia A and Guignard, Celine and Besnard, Pascal},
  booktitle={Laser Optics 2003: Diode Lasers and Telecommunication Systems},
  volume={5480},
  pages={11--19},
  year={2004},
  organization={SPIE}
}

@ARTICLE{rong1989improved,
  title={Improved rate equations for external cavity semiconductor lasers},
  author={Rong-Qing, Hui and Shang-Ping, Tao},
  journal={IEEE Journal of Quantum Electronics},
  volume={25},
  number={6},
  pages={1580--1584},
  year={1989},
  publisher={IEEE}
}

@ARTICLE{barmenkov2006effective,
  title={Effective length of short Fabry-Perot cavity formed by uniform fiber Bragg gratings},
  author={Barmenkov, Yuri O and Zalvidea, Dobryna and Torres-Peir{\'o}, Salvador and Cruz, Jose L and Andr{\'e}s, Miguel V},
  journal={Optics Express},
  volume={14},
  number={14},
  pages={6394--6399},
  year={2006},
  publisher={Optica Publishing Group}
}

@BOOK{senior2009optical,
  title={Optical fiber communications: principles and practice},
  author={Senior, John M and Jamro, M Yousif},
  year={2009},
  publisher={Pearson Education}
}

@ARTICLE{capmany2007synthesis,
  title={Synthesis of 1D Bragg gratings by a layer-aggregation method},
  author={Capmany, Jos{\'e} and Muriel, Miguel A and Sales, Salvador},
  journal={Optics letters},
  volume={32},
  number={16},
  pages={2312--2314},
  year={2007},
  publisher={Optica Publishing Group}
}

@ARTICLE{ghiringhelli2002time,
  title={Time delay distribution in Bragg gratings},
  author={Ghiringhelli, Fabio and Zervas, Mikhail N},
  journal={Physical Review E},
  volume={65},
  number={3},
  pages={036604},
  year={2002},
  publisher={APS}
}

@ARTICLE{pieroux2003low,
  title={Low-frequency fluctuations in the Lang-Kobayashi equations},
  author={Pieroux, Didier and Mandel, Paul},
  journal={Physical review E},
  volume={68},
  number={3},
  pages={036204},
  year={2003},
  publisher={APS}
}

@BOOK{turner2001guide,
  title={Guide to Scientific Computing},
  author={Turner, Peter R},
  year={2001},
  publisher={CRC Press},
  note={Section 6.3}
}

@BOOK{suli2003introduction,
  title={An introduction to numerical analysis},
  author={S{\"u}li, Endre and Mayers, David F},
  year={2003},
  publisher={Cambridge university press}
}

@ARTICLE{robert2000explosions,
  title={Explosions of chaotic sets},
  author={Robert, Carl and Alligood, Kathleen T and Ott, Edward and Yorke, James A},
  journal={Physica D: Nonlinear Phenomena},
  volume={144},
  number={1-2},
  pages={44--61},
  year={2000},
  publisher={Elsevier}
}